@book{MIPS64_arch,
    title = {MIPS64 Architecure For Programmers Volume II: The MIPS64 Instruction Set},
    author = {MIPS Technologies, Inc.},
    year = {2005},
    keywords = {MIPS64, architecture, instruction-set}
}

@online{code_stats,
    author = "Peter Kankowski",
    title = "x86 Machine Code Statistics",
    url  = "https://www.strchr.com/x86_machine_code_statistics",
    addendum = "(accessed: 16.10.20)",
    keywords = "x86, machine, code, statistics"
}

@online{abi_regs,
    author = "Wikipedia",
    title = "MIPS architecture",
    url  = "https://en.wikipedia.org/wiki/MIPS_architecture",
    addendum = "(accessed: 17.10.20)",
    keywords = "MIPS, architecture, registers, ABI"
}